<?xml version="1.0" encoding="UTF-8"?><collection xmlns="http://www.loc.gov/MARC21/slim"><record><leader>00437nam--2200145-i-4500</leader><controlfield tag="001">000018771</controlfield><controlfield tag="002">20161230</controlfield><controlfield tag="005">20170113182922</controlfield><controlfield tag="008">060222s1000------------r-----000-0-eng-d</controlfield><datafield ind1=" " ind2=" " tag="100"><subfield code="a">Ferat, Alain</subfield></datafield><datafield ind1=" " ind2=" " tag="245"><subfield code="a">Sur une methode d etude de la dinamique des particules dans une accelerateur lineaire</subfield><subfield code="b">These</subfield></datafield><datafield ind1=" " ind2=" " tag="260"><subfield code="a">Dijon</subfield><subfield code="b">La Faculte Des Sciences De L Universite</subfield><subfield code="c">1965</subfield></datafield><datafield ind1=" " ind2=" " tag="300"><subfield code="a">81 p</subfield></datafield><datafield ind1=" " ind2=" " tag="852"><subfield code="a">21589</subfield></datafield><datafield ind1=" " ind2=" " tag="CAT"><subfield code="a">SYS</subfield><subfield code="c">20170113</subfield><subfield code="h">182922</subfield></datafield></record></collection>